
@mastersthesis{test1,
	title = {全纳教育理念下的教师课堂行走路线研究},
	school = {云南师范大学},
	author = {{季慧}},
	year = {2017},
	file = {全纳教育理念下的教师课堂行走路线研究_季慧.caj:F\:\\Zotero\\storage\\3K5QU69E\\全纳教育理念下的教师课堂行走路线研究_季慧.caj:application/caj}
}

@article{__2013,
	title = {关注数学教师课堂行走路线 建立激励性数学课堂},
	number = {3},
	journal = {北京教育学院学报 (自然科学版)},
	author = {{于立梅}},
	year = {2013},
	pages = {8},
	file = {关注数学教师课堂行走路线__建立激励性数学课堂_于立梅.pdf:F\:\\Zotero\\storage\\N4NPT2SI\\关注数学教师课堂行走路线__建立激励性数学课堂_于立梅.pdf:application/pdf}
}